@Article{aw.01,
  author = 	 {Katy Azoury and Manfred Warmuth},
  title = 	 {Relative loss bounds for on-line density estimation with 
the exponential family of distributions},
  journal = 	 {Machine Learning},
  year = 	 {2001},
  OPTkey = 	 {},
  volume = 	 {43},
  number = 	 {3},
  pages = 	 {211-246},
  OPTmonth = 	 {},
  OPTnote = 	 {},
  OPTannote = 	 {}
}

@Article{bm.05,
  author = 	 {Arindam Banerjee and Srujana Merugu and Inderjit S. Dhillon and Joydeep Ghosh},
  title = 	 {Clustering with Bregman Divergences},
  journal = 	 {JMLR},
  year = 	 {2005},
  OPTkey = 	 {},
  OPTvolume = 	 {6},
  OPTnumber = 	 {},
  OPTpages = 	 {1705-1749},
  month = 	 {Oct},
  OPTnote = 	 {},
  OPTannote = 	 {}
}

@Article{b.67,
  author = 	 {L.M. Bregman},
  title = 	 {The relaxation method of finding the common point of convex sets and its application to the solution of problems in convex programming},
  journal = 	 {USSR Computational Mathematics and Mathematical Physics},
  year = 	 {1967},
  OPTkey = 	 {},
  volume = 	 {7},
  number = 	 {3},
  pages = 	 {200-217},
  OPTmonth = 	 {},
  OPTnote = 	 {},
  OPTannote = 	 {}
}

@PhdThesis{c.09,
  author = 	 {Lawrence Cayton},
  title = 	 {Bregman Proximity Search},
  school = 	 {University of California, San Diego},
  year = 	 {2009},
  OPTkey = 	 {},
  OPTtype = 	 {},
  OPTaddress = 	 {},
  OPTmonth = 	 {},
  OPTnote = 	 {},
  OPTannote = 	 {}
}


@Book{cz.97,
  author = 	 {Yair Censor and Stavros Zenios},
  ALTeditor = 	 {},
  title = 	 {Parallel optimization: theory, algorithms, and applications},
  publisher = 	 {Oxford University Press},
  year = 	 {1997},
  OPTkey = 	 {},
  OPTvolume = 	 {},
  OPTnumber = 	 {},
  OPTseries = 	 {},
  OPTaddress = 	 {},
  OPTedition = 	 {},
  OPTmonth = 	 {},
  OPTnote = 	 {},
  OPTannote = 	 {}
}



@Misc{d.05,
  OPTkey = 	 {},
  author = 	 {Sanjoy Dasgupta},
  title = 	 {Lectures on Unsupervised Learning},
  howpublished = {UC San Diego},
  OPTmonth = 	 {},
  year = 	 {2005},
  OPTnote = 	 {},
  OPTannote = 	 {}
}

@InProceedings{gim.07,
  author = 	 {Sudipto Guha and Piotr Indyk and Andrew McGregor},
  title = 	 {Sketching Information Divergences},
  OPTcrossref =  {},
  OPTkey = 	 {},
  booktitle =    {COLT},
  OPTpages = 	 {},
  year = 	 {2007},
  OPTeditor = 	 {},
  OPTvolume = 	 {},
  OPTnumber = 	 {},
  OPTseries = 	 {},
  OPTaddress = 	 {},
  OPTmonth = 	 {},
  OPTorganization = {},
  OPTpublisher = {},
  OPTnote = 	 {},
  OPTannote = 	 {}
}

@Article{gls.97,
    author = {Adam Grove and Nick Littlestone and Dale Schuurmans},
    title = {General convergence results for linear discriminant updates},
  journal = 	 {Machine Learning},
  year = 	 {1997},
  OPTkey = 	 {},
  OPTvolume = 	 {},
  OPTnumber = 	 {},
  pages = 	 {171--183},
  OPTmonth = 	 {},
  OPTnote = 	 {},
  OPTannote = 	 {}
}

@InProceedings{hw.98,
    author = {Mark Herbster and Manfred K. Warmuth},
    title = {Tracking the best regressor},
    booktitle = {COLT},
    year = {1998},
    pages = {24--31},
    publisher = {ACM Press}
}

@InProceedings{ldd.97,
  author = 	 {John Lafferty and Stephen Della Pietra and Vincent Della Pietra},
  title = 	 {Statistical learning algorithms based on bregman distances},
  OPTcrossref =  {},
  OPTkey = 	 {},
  booktitle = {Proceedings of the Canadian Workshop on Information Theory},
  OPTpages = 	 {},
  year = 	 {1997},
  OPTeditor = 	 {},
  OPTvolume = 	 {},
  OPTnumber = 	 {},
  OPTseries = 	 {},
  OPTaddress = 	 {},
  OPTmonth = 	 {},
  OPTorganization = {},
  OPTpublisher = {},
  OPTnote = 	 {},
  OPTannote = 	 {}
}


@InProceedings{nbn.07,
 author = { Frank Nielsen and  Jean-Daniel Boissonnat and Richard Nock },
 title = {On Bregman Voronoi Diagrams},
 booktitle = {SODA},
 year = {2007},
 isbn = {979-0-898716-24-5},
 pages = {746-755},
}


@Book{r.70,
  author = 	 {R. Tyrrell Rockafellar},
  title = 	 {Convex Analysis},
  publisher = 	 {Princeton University Press},
  year = 	 {1970},
  OPTkey = 	 {},
  OPTvolume = 	 {},
  OPTnumber = 	 {},
  OPTseries = 	 {},
  OPTaddress = 	 {},
  OPTedition = 	 {},
  OPTmonth = 	 {},
  OPTnote = 	 {},
  OPTannote = 	 {}
}

@InProceedings{sv.05,
  author = 	 {Eric Spellman and Baba Vemuri},
  title = 	 {Efficient Shape Indexing Using an Information Theoretic Representation},
  OPTcrossref =  {},
  OPTkey = 	 {},
  booktitle = {International Conference on Image and Video Retrieval},
  OPTpages = 	 {},
  year = 	 {2005},
  OPTeditor = 	 {},
  OPTvolume = 	 {},
  OPTnumber = 	 {},
  OPTseries = 	 {},
  OPTaddress = 	 {},
  OPTmonth = 	 {},
  OPTorganization = {},
  OPTpublisher = {},
  OPTnote = 	 {},
  OPTannote = 	 {}
}


